@Article{Koedam2011,
author="Koedam, Esther L. G. E.
and Lehmann, Manja
and van der Flier, Wiesje M.
and Scheltens, Philip
and Pijnenburg, Yolande A. L.
and Fox, Nick
and Barkhof, Frederik
and Wattjes, Mike P.",
title="Visual assessment of posterior atrophy development of a MRI rating scale",
journal="European Radiology",
year="2011",
month="Dec",
day="01",
volume="21",
number="12",
pages="2618--2625",
issn="1432-1084",
doi="10.1007/s00330-011-2205-4",
url="https://doi.org/10.1007/s00330-011-2205-4"
}

