% This file was created with JabRef 2.10.
% Encoding: Cp1252

@Standard{ipv4sta,
  Title                    = {Internet Prototocol},
  Institution              = {Defense Advanced Research Projects Agency},
  Organization             = {Departament of Defense},
  Url                      = {http://tools.ietf.org/html/rfc791},
  Year                     = {1981},

  Owner                    = {JSidrach},
  Timestamp                = {2015.04.01}
}

@article{3,
	author="Brookmeyer R., Gray S., Kawas C.",
	title="Projections of Alzheimer's disease in the United States and the public health impact of delaying disease onset",
	journal="American Journal of Public Health",
	year=1998,
}

@article{4,
	author="Katherine AB Kellett, Nigel M Hooper"
	title="Prion protein and Alzheimer disease",
	journal="US National Library of Medicine National Institutes of Health",
	year=2009,
}
@article{populationofalzheimerinSpain,
	author="F.Bermejo Pareja,J. Benito-Le칩n,S.Vega,M.J. Mendrano,G.C. Rom치n"
	title="Incidence and subtypes of dementia in three elderly populations of central Spain"
	journal="Journal of the Neurological Sciences"	
	year=2008
}

@misc{RiskFactors,
	title = {Alzheimer risks factos},
	howpublished = {\url{https://www.alz.org/research/science/alzheimers_disease_causes.asp}},
	note = {Accessed: 2017-04-23}
}

@misc{Diagnostico,
	title = {Diagn칩stico},
	howpublished = {\url{https://www.alz.org/espanol/treatment/diagnostico.aspp}},
	note = {Accessed: 2017-04-23}
}

@misc{FormatosImagenes,
	title = {Formatos de im치genes},
	howpublished = {\url{	https://www.ncbi.nlm.nih.gov/pmc/articles/PMC3948928/}},
	note = {Accessed: 2017-04-23}
	}

